<record><leader>00000cas a22000007a 4500</leader><controlfield tag="001">12617776</controlfield><controlfield tag="008">850930d1858186upauwr ne      0    0eng d</controlfield><datafield ind1=" " ind2=" " tag="010"><subfield code="a">sn 85055114 </subfield></datafield><datafield ind1=" " ind2=" " tag="040"><subfield code="a">NPH</subfield><subfield code="b">eng</subfield><subfield code="c">NPH</subfield><subfield code="d">NPX</subfield><subfield code="d">OCLCQ</subfield></datafield><datafield ind1=" " ind2=" " tag="042"><subfield code="a">msc</subfield></datafield><datafield ind1="0" ind2="4" tag="245"><subfield code="a">The Tyrone star.</subfield></datafield><datafield ind1=" " ind2=" " tag="260"><subfield code="a">Tyrone City, Pa. :</subfield><subfield code="b">J. Bell,</subfield><subfield code="c">1858-</subfield></datafield><datafield ind1=" " ind2=" " tag="300"><subfield code="a">v.</subfield></datafield><datafield ind1=" " ind2=" " tag="310"><subfield code="a">Weekly</subfield></datafield><datafield ind1="0" ind2=" " tag="362"><subfield code="a">Vol. 1, no. 1 (Apr. 6, 1858)-</subfield></datafield><datafield ind1=" " ind2=" " tag="500"><subfield code="a">Publishers: James Bell, &lt;1858&gt;; M.H. Jolly, &lt;July 1860&gt;.</subfield></datafield><datafield ind1=" " ind2=" " tag="752"><subfield code="a">United States</subfield><subfield code="b">Pennsylvania</subfield><subfield code="c">Blair</subfield><subfield code="d">Tyrone.</subfield></datafield></record>